<?xml version="1.0" encoding="UTF-8"?><collection xmlns="http://www.loc.gov/MARC21/slim"><record><leader>00474nam--2200181-i-4500</leader><controlfield tag="001">000006608</controlfield><controlfield tag="002">20161230</controlfield><controlfield tag="005">20161230201026</controlfield><controlfield tag="008">060222s1000------------r-----000-0-RUM-d</controlfield><datafield ind1=" " ind2=" " tag="040"><subfield code="a">IFIN-HH</subfield></datafield><datafield ind1=" " ind2=" " tag="041"><subfield code="a">RUM</subfield></datafield><datafield ind1=" " ind2=" " tag="080"><subfield code="a">519.2</subfield></datafield><datafield ind1="1" ind2=" " tag="100"><subfield code="a">Ciucu, G</subfield></datafield><datafield ind1="1" ind2="0" tag="245"><subfield code="a">Elemente de teoria probabilitatilor si statist ica matematica</subfield><subfield code="c">G. ciucu</subfield></datafield><datafield ind1=" " ind2=" " tag="260"><subfield code="a">Bucuresti, Edit.Didactica Si Pedag., 1963</subfield></datafield><datafield ind1=" " ind2=" " tag="300"><subfield code="a">358 P</subfield></datafield><datafield ind1=" " ind2=" " tag="852"><subfield code="a">9351</subfield><subfield code="c">519.2</subfield></datafield><datafield ind1=" " ind2=" " tag="CAT"><subfield code="a">Sys</subfield><subfield code="c">20100517</subfield><subfield code="h">102410</subfield></datafield></record></collection>